@article {ahmed02,
    AUTHOR = {Ahmed, Zafar},
    TITLE = {Definitely an integral},
    JOURNAL = {Amer. Math. Monthly},
    FJOURNAL = {American Mathematical Monthly},
    YEAR = {2002},
    VOLUME = {109},
    PAGES = {670-671},
}

@book {wedrychowicz12,
    AUTHOR = {Banaś, Józef and Wędrychowicz, Stanisław},
    TITLE = {Zbiór zadań z analizy matematycznej},
    PUBLISHER = {Wydawnictwa Naukowo-Techniczne},
    YEAR = {2012},
}

@book {valean19,
    AUTHOR = {Vălean, Cornel I.},
    TITLE = {Almost impossible integrals, sums and series},
    PUBLISHER = {Springer},
    YEAR = {2019},
    SERIES = {Problem Books in Mathematics},
    ISBN = {978-3-0300-2462-8},
}

@book {nahin15,
    AUTHOR = {Nahin, Paul J.},
    TITLE = {Inside interesting integrals (A collection of sneaky tricks, sly substitutions, and numerous other stupendously clever, awesomely wicked, and devilishly seductive maneuvers for computing nearly 200 perplexing definite integrals from physics, engineering, and mathematics plus 60 challenge problems with complete, detailed solutions)},
    PUBLISHER = {Springer},
    YEAR = {2015},
    SERIES = {Undergraduate Lecture Notes in Physics},
    ISBN = {978-1-4939-1276-6},
}

